@misc{visual-studio,
  title = {IDE Visual Studio 2019},
  note = {(дата обращения: 11.09.2020)},
  url = {https://visualstudio.microsoft.com/ru/vs/}
}

@misc{QueryPerformanceCounter,
  title        = {Acquiring high-resolution time stamps},
  url          = {https://docs.microsoft.com/ru-ru/windows/win32/sysinfo/acquiring-high-resolution-time-stamps?redirectedfrom=MSDN},
  note         = {(дата обращения: 11.09.2020)},
}

@misc{CPU-time,
  title        = {Time Basics},
  url          = {https://www.gnu.org/software/libc/manual/html_node/Time-Basics.html},
  note         = {(дата обращения: 11.09.2020)}
}

@misc{processor-i5-7200u,
  title        = {Intel® Core™ i5-7200U Processor},
  url          = {https://www.intel.com/content/www/us/en/products/processors/core/i5-processors/i5-7200u.html},
  note         = {(дата обращения: 26.09.2020)}
}